<?xml version="1.0" encoding="UTF-8"?><collection xmlns="http://www.loc.gov/MARC21/slim"><record><leader>00515nam--2200193-u-4500</leader><controlfield tag="001">000056485</controlfield><controlfield tag="002">20161230</controlfield><controlfield tag="005">20161230201052</controlfield><controlfield tag="008">151029s1000------------r-----000-0-rus-d</controlfield><datafield ind1=" " ind2=" " tag="040"><subfield code="a">IFIN-HH</subfield></datafield><datafield ind1=" " ind2=" " tag="041"><subfield code="a">rus</subfield></datafield><datafield ind1=" " ind2=" " tag="080"><subfield code="a">621.039.574</subfield></datafield><datafield ind1="1" ind2=" " tag="100"><subfield code="a">Nesmeianov, N</subfield></datafield><datafield ind1="1" ind2="0" tag="245"><subfield code="a">Polucenie radiopaktrivnih izotopov</subfield><subfield code="c">N. nesmeianov, a.v. lapitkii, n.p. rudenko</subfield></datafield><datafield ind1=" " ind2=" " tag="260"><subfield code="a">Moskva</subfield><subfield code="b">Himiceskoi Litaraturi</subfield><subfield code="c">1954</subfield></datafield><datafield ind1=" " ind2=" " tag="300"><subfield code="a">192P</subfield></datafield><datafield ind1="1" ind2=" " tag="700"><subfield code="a">Rudenko, N.P</subfield></datafield><datafield ind1=" " ind2=" " tag="852"><subfield code="a">3466</subfield><subfield code="c">53.081</subfield></datafield><datafield ind1=" " ind2=" " tag="CAT"><subfield code="a">Sys</subfield><subfield code="c">20151029</subfield><subfield code="h">151921</subfield></datafield></record></collection>